@article{Tsugawa2016ASavings,
    title = {{A Review of Truck Platooning Projects for Energy Savings}},
    year = {2016},
    journal = {IEEE Transactions on Intelligent Vehicles},
    author = {Tsugawa, Sadayuki and Jeschke, Sabina and Shladover, Steven E.},
    number = {1},
    month = {3},
    pages = {68--77},
    volume = {1},
    url = {http://ieeexplore.ieee.org/document/7497531/},
    doi = {10.1109/TIV.2016.2577499}
}

@article{Jia2016ASystems,
    title = {{A Survey on Platoon-Based Vehicular Cyber-Physical Systems}},
    year = {2016},
    journal = {IEEE Communications Surveys {\&} Tutorials},
    author = {Jia, Dongyao and Lu, Kejie and Wang, Jianping and Zhang, Xiang and Shen, Xuemin},
    number = {1},
    pages = {263--284},
    volume = {18},
    url = {http://ieeexplore.ieee.org/document/7056505/},
    doi = {10.1109/COMST.2015.2410831}
}

@misc{MaximIntegratedProductsInc.2013AnMaxim,
    title = {{An Introduction to Spread-Spectrum Communications - Tutorial - Maxim}},
    year = {2013},
    author = {{Maxim Integrated Products Inc.}},
    url = {https://www.maximintegrated.com/en/app-notes/index.mvp/id/1890}
}

@inproceedings{Shao2014AnalysisNetworks,
    title = {{Analysis of connectivity probability in platoon-based Vehicular Ad Hoc Networks}},
    year = {2014},
    booktitle = {2014 International Wireless Communications and Mobile Computing Conference (IWCMC)},
    author = {Shao, Caixing and Leng, Supeng and Zhang, Yan and Vinel, Alexey and Jonsson, Magnus},
    month = {8},
    pages = {706--711},
    publisher = {IEEE},
    url = {http://ieeexplore.ieee.org/lpdocs/epic03/wrapper.htm?arnumber=6906442},
    isbn = {978-1-4799-0959-9},
    doi = {10.1109/IWCMC.2014.6906442}
}

@article{Tonguz2013CarsSolution,
    title = {{Cars as roadside units: a self-organizing network solution}},
    year = {2013},
    journal = {IEEE Communications Magazine},
    author = {Tonguz, Ozan and Viriyasitavat, Wantanee},
    number = {12},
    month = {12},
    pages = {112--120},
    volume = {51},
    url = {http://ieeexplore.ieee.org/document/6685766/},
    doi = {10.1109/MCOM.2013.6685766}
}

@inproceedings{Bohm2013Co-existingApplications,
    title = {{Co-existing periodic beaconing and hazard warnings in IEEE 802.11p-based platooning applications}},
    year = {2013},
    booktitle = {Proceeding of the tenth ACM international workshop on Vehicular inter-networking, systems, and applications - VANET '13},
    author = {B{\"{o}}hm, Annette and Jonsson, Magnus and Uhlemann, Elisabeth},
    pages = {99},
    publisher = {ACM Press},
    url = {http://dl.acm.org/citation.cfm?doid=2482967.2482973},
    address = {New York, New York, USA},
    isbn = {9781450320733},
    doi = {10.1145/2482967.2482973}
}

@techreport{Nowakowski2015CooperativeAlternatives,
    title = {{Cooperative Adaptive Cruise Control (CACC) for Truck Platooning: Operational Concept Alternatives}},
    year = {2015},
    author = {Nowakowski, Christopher and Shladover, Steven E and Lu, Xiao-Yun and Thompson, Deborah and Kailas, Aravind and Nowakowski, Christopher and Shladover, Steven E and Lu, Xiao-Yun and Thompson, Deborah and Kailas, Aravind},
    publisher = {Institute of Transportation Studies, UC Berkeley},
    url = {http://econpapers.repec.org/paper/cdlitsrrp/qt7jf9n5wm.htm}
}

@article{Turri2016CooperativePlatooning,
    title = {{Cooperative look-ahead control for fuel-efficient and safe heavy-duty vehicle platooning}},
    year = {2016},
    journal = {IEEE Transactions on Control Systems Technology},
    author = {Turri, Valerio and Besselink, Bart and Johansson, Karl H},
    number = {99},
    pages = {1--17},
    url = {http://www.diva-portal.org http://www.diva-portal.org http://www.diva-portal.org},
    doi = {10.1109/TCST.2016.2542044}
}

@book{Alam2014Fuel-efficientPlatooning,
    title = {{Fuel-efficient heavy-duty vehicle platooning}},
    year = {2014},
    author = {Alam, Assad and Johansson, Karl H. and Horowitz, Roberto},
    pages = {196},
    publisher = {Stockholm: KTH Royal Institute of Technology},
    isbn = {9789175951942}
}

@book{Dr.Gaspar2014HighlySystems,
    title = {{Highly Automated Vehicle Systems}},
    year = {2014},
    author = {Dr. G{\'{a}}sp{\'{a}}r, Péter; and Dr. Szalay, Zsolt; and Aradi, Szilárd;},
    editor = {{BME MOGI}},
    publisher = { BME MOGI},
    url = {http://www.mogi.bme.hu/TAMOP/jarmurendszerek_iranyitasa_angol/book.html},
    isbn = {978-963-313-173-2}
}

@misc{MiTACIntl.2011HowWork,
    title = {{How does GPS work?}},
    year = {2011},
    author = {{MiTAC Intl.}},
    url = {http://www.mio.com/technology-gps-work.htm}
}

@book{2016IEEEAccess.,
    title = {{IEEE Std 802.11-2016 (Revision of IEEE Std 802.11-2012) : IEEE Standard for Information technology--Telecommunications and information exchange between systems Local and metropolitan area networks--Specific requirements - Part 11: Wireless LAN Medium Access.}},
    year = {2016},
    pages = {3534},
    publisher = {IEEE},
    address = {New York},
    isbn = {9781504436458},
    doi = {10.1109/IEEESTD.2016.7786995}
}

@article{Shladover2015IndustryPlatooning,
    title = {{Industry Needs and Opportunities for Truck Platooning}},
    year = {2015},
    author = {Shladover, Steven E and Campbell, Robert and Kailas, Aravind and Boyd, Stephen and Torrey, Ford and Shladover, Steven E and Campbell, Robert and Kailas, Aravind and Boyd, Stephen and Torrey, Ford},
    publisher = {Institute of Transportation Studies, UC Berkeley},
    url = {http://econpapers.repec.org/paper/cdlitsrrp/qt6723k932.htm}
}

@misc{OfficeoftheAssistantSecretaryforResearchandTechnologyIntelligentSheet,
    title = {{Intelligent Transportation Systems - DSRC: The Future of Safer Driving Fact Sheet}},
    author = {{Office of the Assistant Secretary for Research and Technology}},
    url = {https://www.its.dot.gov/factsheets/dsrc_factsheet.htm}
}

@techreport{U.S.GovernmentAccountabilityOffice2015IntelligentExist,
    title = {{Intelligent Transportation Systems: Vehicle-to-Infrastructure Technologies Expected to Offer Benefits, but Deployment Challenges Exist}},
    year = {2015},
    author = {{U.S. Government Accountability Office}},
    number = {GAO-15-775},
    url = {http://www.gao.gov/products/GAO-15-775}
}

@book{Schildt2014JavaReference,
    title = {{Java : the complete reference}},
    year = {2014},
    author = {Schildt, Herbert.},
    edition = {9th},
    pages = {1274},
    publisher = {McGraw-Hill Education},
    isbn = {0071808558}
}

@article{HameedMir2014LTEEvaluation,
    title = {{LTE and IEEE 802.11p for vehicular networking: a performance evaluation}},
    year = {2014},
    journal = {EURASIP Journal on Wireless Communications and Networking},
    author = {Hameed Mir, Zeeshan and Filali, Fethi},
    number = {1},
    pages = {1--15},
    volume = {2014},
    url = {http://jwcn.eurasipjournals.springeropen.com/articles/10.1186/1687-1499-2014-89},
    doi = {10.1186/1687-1499-2014-89}
}

@article{Alasmary2012MobilityNetworks,
    title = {{Mobility impact in IEEE 802.11p infrastructureless vehicular networks}},
    year = {2012},
    journal = {Ad Hoc Networks},
    author = {Alasmary, Waleed and Zhuang, Weihua},
    number = {2},
    month = {3},
    pages = {222--230},
    volume = {10},
    url = {http://linkinghub.elsevier.com/retrieve/pii/S1570870510000703},
    doi = {10.1016/j.adhoc.2010.06.006}
}

@inproceedings{Heinovski2016PerformanceSTD-T109,
    title = {{Performance comparison of IEEE 802.11p and ARIB STD-T109}},
    year = {2016},
    booktitle = {2016 IEEE Vehicular Networking Conference (VNC)},
    author = {Heinovski, Julian and Klingler, Florian and Dressler, Falko and Sommer, Christoph},
    month = {12},
    pages = {1--8},
    publisher = {IEEE},
    url = {http://ieeexplore.ieee.org/document/7835923/},
    isbn = {978-1-5090-5197-7},
    doi = {10.1109/VNC.2016.7835923}
}

@article{Bilgin2013PerformanceAreas,
    title = {{Performance Comparison of IEEE 802.11p and IEEE 802.11b for Vehicle-to-Vehicle Communications in Highway, Rural, and Urban Areas}},
    year = {2013},
    journal = {International Journal of Vehicular Technology},
    author = {Bilgin, B. E. and Gungor, V. C.},
    pages = {1--10},
    volume = {2013},
    url = {http://www.hindawi.com/journals/ijvt/2013/971684/},
    doi = {10.1155/2013/971684}
}

@article{Fernandez2012PerformanceEnvironments,
    title = {{Performance of the 802.11p Physical Layer in Vehicle-to-Vehicle Environments}},
    year = {2012},
    journal = {IEEE Transactions on Vehicular Technology},
    author = {Fernandez, Joseph A. and Borries, Kevin and Cheng, Lin and Vijaya Kumar, B. V. K. and Stancil, Daniel D. and Bai, Fan},
    number = {1},
    month = {1},
    pages = {3--14},
    volume = {61},
    url = {http://ieeexplore.ieee.org/document/5982455/},
    doi = {10.1109/TVT.2011.2164428}
}

@techreport{Chan2012ProjectSARTRE,
    title = {{Project Final Report - SARTRE}},
    year = {2012},
    author = {Chan, Eric and Ekfjorden, Andreas and Jootel, Paviter and Gidney, Joshua and D{\'{a}}vila, Arturo and Br{\"{a}}nnstr{\"{o}}m, Mattias and Skarin, Daniel and Wahlstr{\"{o}}m, Linda},
    pages = {57},
    url = {http://www.sartre-project.eu/en/publications/Documents/SARTRE_Final-Report.pdf}
}

@article{Alvarez1997SafeSystems,
    title = {{Safe Platooning In Automated Highway Systems}},
    year = {1997},
    author = {Alvarez, Luis and Horowitz, Roberto and Alvarez, Luis and Horowitz, Roberto},
    publisher = {Institute of Transportation Studies, UC Berkeley},
    url = {http://econpapers.repec.org/paper/cdlitsrrp/qt1v97t5w1.htm http://econpapers.repec.org/paper/cdlitsrrp/qt1v97t5w1.htm}
}

@misc{Safespot,
    title = {{Safespot}},
    url = {http://www.safespot-eu.org/}
}

@inproceedings{Shi2014SpectrumSafety,
    title = {{Spectrum Requirement for Vehicle-to-Vehicle Communication for Traffic Safety}},
    year = {2014},
    booktitle = {2014 IEEE 79th Vehicular Technology Conference (VTC Spring)},
    author = {Shi, Lei and Sung, Ki Won},
    month = {5},
    pages = {1--5},
    publisher = {IEEE},
    url = {http://ieeexplore.ieee.org/document/7023107/},
    isbn = {978-1-4799-4482-8},
    doi = {10.1109/VTCSpring.2014.7023107}
}

@article{Peppard1974StringSystems,
    title = {{String stability of relative-motion PID vehicle control systems}},
    year = {1974},
    journal = {IEEE Transactions on Automatic Control},
    author = {Peppard, L.},
    number = {5},
    month = {10},
    pages = {579--581},
    volume = {19},
    url = {http://ieeexplore.ieee.org/document/1100652/},
    doi = {10.1109/TAC.1974.1100652}
}

@article{Hiertz2010TheUniverse,
    title = {{The IEEE 802.11 universe}},
    year = {2010},
    journal = {IEEE Communications Magazine},
    author = {Hiertz, Guido and Denteneer, Dee and Stibor, Lothar and Zang, Yunpeng and Costa, Xavier and Walke, Bernhard},
    number = {1},
    month = {1},
    pages = {62--70},
    volume = {48},
    url = {http://ieeexplore.ieee.org/document/5394032/},
    doi = {10.1109/MCOM.2010.5394032}
}

@book{2011TheTechnology,
    title = {{The Impact of Control Technology}},
    year = {2011},
    editor = {Samad, Tariq; and Annaswamy, Anuradha;},
    publisher = {IEEE Control Systems Society},
    url = {www.ieeecss.org}
}

@article{Larsson2015TheHeuristics,
    title = {{The vehicle platooning problem: Computational complexity and heuristics}},
    year = {2015},
    journal = {Transportation Research Part C: Emerging Technologies},
    author = {Larsson, Erik and Sennton, Gustav and Larson, Jeffrey},
    month = {11},
    pages = {258--277},
    volume = {60},
    url = {http://linkinghub.elsevier.com/retrieve/pii/S0968090X15003204},
    doi = {10.1016/j.trc.2015.08.019}
}

@misc{Brignolo2008UseProject,
    title = {{Use cases, functional specifications and safety margin applications for the SAFESPOT Project}},
    year = {2008},
    author = {Brignolo, R. and Vivo, G. and Visintainer, F. and Belarbi, F. and Dozza, M.},
    pages = {54},
    url = {http://www.safespot-eu.org/documents/D8.4.4_SAFESPOT_Applications.pdf}
}

@article{Vinel2015Vehicle-to-vehicleScenarios,
    title = {{Vehicle-to-vehicle communication in C-ACC/platooning scenarios}},
    year = {2015},
    journal = {IEEE Communications Magazine},
    author = {Vinel, Alexey and Lan, Lin and Lyamin, Nikita},
    number = {8},
    month = {8},
    pages = {192--197},
    volume = {53},
    url = {http://ieeexplore.ieee.org/document/7180527/ http://ieeexplore.ieee.org/document/7180527/},
    doi = {10.1109/MCOM.2015.7180527}
}

@techreport{Harding2014Vehicle-to-VehicleApplication,
    title = {{Vehicle-to-Vehicle Communications: Readiness of V2V Technology for Application}},
    year = {2014},
    author = {Harding, John and Powell, Gregory and Yoon, Rebecca and Fikentscher, Joshua and Doyle, Charlene and Sade, Dana and Lukuc, Mike and Simons, Jim and Wang, Jing},
    pages = {327},
    url = {https://trid.trb.org/view.aspx?id=1323282},
    institution = {National Highway Traffic Safety Administration},
    address = {Washington, DC}
}